%! Author = David Nabergoj
%! Date = 26/01/2021

@article{rossi2019walsh,
    title = {Walsh-Hadamard Variational Inference for Bayesian Deep Learning},
    author = {Rossi, Simone and Marmin, Sebastien and Filippone, Maurizio},
    journal = {arXiv preprint arXiv:1905.11248},
    year = {2019}
}

@article{le2014fastfood,
  title={Fastfood: Approximate Kernel Expansions in Loglinear Time},
  author={Le, Quoc Viet and Sarl{\'o}s, Tam{\'a}s and Smola, Alexander Johannes},
  journal={arXiv preprint arXiv:1408.3060},
  year={2014}
}

@inproceedings{blundell2015weight,
  title={Weight Uncertainty in Neural Network},
  author={Blundell, Charles and Cornebise, Julien and Kavukcuoglu, Koray and Wierstra, Daan},
  booktitle={International Conference on Machine Learning},
  pages={1613--1622},
  year={2015},
  organization={PMLR}
}

@article{fino1976unified,
  title={Unified Matrix Treatment of the Fast Walsh-Hadamard Transform},
  author={Fino, Bernard J. and Algazi, V. Ralph},
  journal={IEEE Transactions on Computers},
  volume={25},
  number={11},
  pages={1142--1146},
  year={1976},
  publisher={IEEE Computer Society Washington, DC, USA}
}

@article{kingma2015variational,
  title={Variational Dropout and the Local Reparameterization Trick},
  author={Kingma, Diederik P and Salimans, Tim and Welling, Max},
  journal={arXiv preprint arXiv:1506.02557},
  year={2015}
}